@article{cai2014increasing,
  title={Increasing frequency of extreme El Ni{\~n}o events due to greenhouse warming},
  author={Cai, Wenju and Borlace, Simon and Lengaigne, Matthieu and Van Rensch, Peter and Collins, Mat and Vecchi, Gabriel and Timmermann, Axel and Santoso, Agus and McPhaden, Michael J and Wu, Lixin and others},
  journal={Nature climate change},
  volume={4},
  number={2},
  pages={111--116},
  year={2014},
  publisher={Nature Research}
}

@incollection{wang2017nino,
  title={El Ni{\~n}o and Southern Oscillation (ENSO): A Review},
  author={Wang, Chunzai and Deser, Clara and Yu, Jin-Yi and DiNezio, Pedro and Clement, Amy},
  booktitle={Coral Reefs of the Eastern Tropical Pacific},
  pages={85--106},
  year={2017},
  publisher={Springer}
}

@article{larkin2005global,
  title={Global seasonal temperature and precipitation anomalies during El Ni{\~n}o autumn and winter},
  author={Larkin, Narasimhan K and Harrison, DE},
  journal={Geophysical Research Letters},
  volume={32},
  number={16},
  year={2005},
  publisher={Wiley Online Library}
}

@article{chiew1998nino,
  title={El Nino/Southern Oscillation and Australian rainfall, streamflow and drought: Links and potential for forecasting},
  author={Chiew, Francis HS and Piechota, Thomas C and Dracup, John A and McMahon, Thomas A},
  journal={Journal of Hydrology},
  volume={204},
  number={1-4},
  pages={138--149},
  year={1998},
  publisher={Elsevier}
}